<!DOCTYPE HTML PUBLIC "-//W3C//DTD HTML 4.0//EN"
   "http://www.w3.org/TR/REC-html40/strict.dtd">
<html>
  <head>
    <link href="../../screen.css" rel="StyleSheet" title="deal.II Homepage" media="screen">
  <body>
  <pre>


@InProceedings{Ban00i,
  author = 	 {Wolfgang Bangerth},
  title = 	 {Using Modern Features of {C}++ for Adaptive Finite Element Methods:
                  {D}imension-Independent Programming in deal.{I}{I}},
  booktitle = 	 {Proceedings of the 16th IMACS World Congress 2000, Lausanne, 
                  Switzerland, 2000},
  year = 	 2000,
  editor = 	 {Michel Deville and Robert Owens},
  note = 	 {{D}ocument Sessions/118-1}
}


</pre></body></html>
