@TechReport{Ban00mt,
  author = 	 {Wolfgang Bangerth},
  title = 	 {Multi-threading support in \texttt{deal.II}},
  institution =  SFB,
  year = 	 2000,
  type = 	 {{P}reprint},
  number =	 {2000-11},
  month = 	 apr
}
