@InProceedings{Ban00w,
  author =       {Wolfgang Bangerth},
  title =        {Mesh Adaptivity and Error Control for a Finite Element
                  Approximation of the Elastic Wave
                  Equation},
  booktitle =    {Proceedings of the Waves2000 Conference, Santiago de Compostel
a, 
                  Spain, 2000},
  OPTcrossref =  {},
  OPTkey =       {},
  OPTpages =     {},
  OPTyear =      {2000},
  OPTeditor =    {},
  OPTvolume =    {},
  OPTnumber =    {},
  OPTseries =    {},
  OPTaddress =   {},
  OPTmonth =     {},
  OPTorganization = {},
  OPTpublisher = {},
  note =         {{A}ccepted for publication,
  OPTannote =    {}
}
