<!DOCTYPE HTML PUBLIC "-//W3C//DTD HTML 4.0//EN"
   "http://www.w3.org/TR/REC-html40/strict.dtd">
<html>
  <head>
    <link href="../../screen.css" rel="StyleSheet" title="deal.II Homepage" media="screen">
    <link href="../../print.css" rel="StyleSheet" title="deal.II Homepage" media="print">
    <title>The deal.II Homepage</title>
    <meta name="author" content="Wolfgang Bangerth <deal@iwr.uni-heidelberg.de>">
    <meta name="keywords" content="Publications on and with deal.II"></head>
  <body>
  <pre>

@TechReport{CKPS00,
  author = 	 {Cockburn, Bernardo and Kanschat, Guido and Perugia, Ilaria and
                  Schötzau, Dominik},
  title = 	 {Superconvergence of the Local Discontinuous Galerkin
                  Method for Elliptic Problems on Cartesian Grids},
  institution =  UMSI,
  year = 	 2000,
  number =	 {2000/71}
}

</pre></body></html>