<!DOCTYPE HTML PUBLIC "-//W3C//DTD HTML 4.0//EN"
   "http://www.w3.org/TR/REC-html40/strict.dtd">
<html>
  <head>
    <link href="../../screen.css" rel="StyleSheet" title="deal.II Homepage" media="screen">
  <body>
  <pre>

@TechReport{CKSS00,
  author = 	 {Cockburn, Bernardo and Kanschat, Guido and Sch{\"o}tzau, Dominik and Schwab, Christoph},
  title = 	 {Local discontinuous {G}alerkin methods for the {S}tokes
                      system},
  institution =  IMA,
  year = 	 2000,
  number =	 1728,
  month =	 {oct},
  note =	 {submitted to SIAM J. Numer. Anal.}
}

</pre></body></html>
