<!DOCTYPE HTML PUBLIC "-//W3C//DTD HTML 4.0//EN"
   "http://www.w3.org/TR/REC-html40/strict.dtd">
<html>
  <head>
    <link href="../../screen.css" rel="StyleSheet" title="deal.II Homepage" media="screen">
  <body>
  <pre>

@Article{GK03,
  title = {A Multilevel Discontinuous {G}alerkin Method},
  author = {Gopalakrishnan, J. and Kanschat, G.},
  journal = {Numer. Math.},
  number = {3},
  pages = {527--550},
  volume = {95},
  year = {2003}
}

</pre></body></html>
