<!DOCTYPE HTML PUBLIC "-//W3C//DTD HTML 4.0//EN"
   "http://www.w3.org/TR/REC-html40/strict.dtd">
<html>
  <head>
    <link href="../../screen.css" rel="StyleSheet" title="deal.II Homepage" media="screen">
    <link href="../../print.css" rel="StyleSheet" title="deal.II Homepage" media="print">
  <body>
  <pre>

@InProceedings{Har00a,
  author =       {Ralf Hartmann},
  title =        {Adaptive {FE} {M}ethods for {C}onservation {E}quations},
  booktitle =    {Hyperbolic Problems: theory, numerics, applications: eighth international confere
nce in {M}agdeburg, February, March 2000},
  year =         2001,
  editor =       {Heinrich Freist{\"u}hler and Gerald Warnecke},
  volume =       2,
  series =       {International series of numerical mathematics; Vol. 141},
  publisher =    {Birkh{\"a}user, Basel},
  pages =        {495--503}
}




</pre></body></html>
