<!DOCTYPE HTML PUBLIC "-//W3C//DTD HTML 4.0//EN"
   "http://www.w3.org/TR/REC-html40/strict.dtd">
<html>
  <head>
    <link href="../../screen.css" rel="StyleSheet" title="deal.II Homepage" media="screen">
    <link href="../../print.css" rel="StyleSheet" title="deal.II Homepage" media="print">
  <body>
  <pre>

@TechReport{HH01b,
  author =       {Ralf Hartmann and Paul Houston},
  title =        {Adaptive Discontinuous {G}alerkin Finite Element Methods for the Compressible {E}
uler Equations},
  institution =  {(SFB 359), IWR Heidelberg},
  year =         2001,
  type =         {Preprint},
  number =       {2001-42},
  month =        {Dez},
  note =         {submitted}
}



</pre></body></html>
