<!DOCTYPE HTML PUBLIC "-//W3C//DTD HTML 4.0//EN"
   "http://www.w3.org/TR/REC-html40/strict.dtd">
<html>
  <head>
    <link href="../../screen.css" rel="StyleSheet" title="deal.II Homepage" media="screen">
    <link href="../../print.css" rel="StyleSheet" title="deal.II Homepage" media="print">
  <body>
  <pre>

@InProceedings{HH01a,
  author =       {Paul Houston and Ralf Hartmann},
  title =        {Goal--Oriented A Posteriori Error Estimation for Compressible Fluid Flows},
  booktitle =    {Proceedings of ENUMATH 2001},
  note =         {submitted},
  year =         2001
}




</pre></body></html>
