<!DOCTYPE HTML PUBLIC "-//W3C//DTD HTML 4.0//EN"
   "http://www.w3.org/TR/REC-html40/strict.dtd">
<html>
  <head>
    <link href="../../screen.css" rel="StyleSheet" title="deal.II Homepage" media="screen">
    <link href="../../print.css" rel="StyleSheet" title="deal.II Homepage" media="print">
    <title>The deal.II Homepage</title>
    <meta name="author" content="Wolfgang Bangerth <deal@iwr.uni-heidelberg.de>">
    <meta name="keywords" content="Publications on and with deal.II"></head>
  <body>
  <pre>


@InProceedings{BR99a,
  author = 	 {Wolfgang Bangerth and Rolf Rannacher},
  title = 	 {Adaptive Finite Element Techniques for the Acoustic Wave Equation},
  booktitle = 	 {Proceedings of the Fourth International Conference on Theoretical and
                  Computational Acoustics, Trieste 1999},
  year =	 1999,
  note = 	 {Submitted}
}

</pre></body></html>