@TechReport{BK99tr,
  author =       {Wolfgang Bangerth and Guido Kanschat},
  title =        {Concepts for Object-Oriented Finite Element Software -- the 
                  \texttt{deal.II} library},
  institution =  {IWR Heidelberg},
  year =         1999,
  type =         {{P}reprint 99-43 ({SFB} 359)},
  month =        oct
}
