<!DOCTYPE HTML PUBLIC "-//W3C//DTD HTML 4.0//EN"
   "http://www.w3.org/TR/REC-html40/strict.dtd">
<html>
  <head>
    <link href="../../screen.css" rel="StyleSheet" title="deal.II Homepage" media="screen">
    <link href="../../print.css" rel="StyleSheet" title="deal.II Homepage" media="print">
    <title>The deal.II Homepage</title>
    <meta name="author" content="Wolfgang Bangerth <deal@iwr.uni-heidelberg.de>">
    <meta name="keywords" content="Publications on and with deal.II"></head>
  <body>
  <pre>


@Article{BR99b,
  author =       {Wolfgang Bangerth and Rolf Rannacher},
  title =        {Finite element approximation of the acoustic wave equation:
                  {E}rror control and mesh adaptation},
  journal =      {East--West J. Numer. Math.},
  year =         1999,
  volume =       7,
  number =       4,
  pages =        {263--282}
}

</pre></body></html>