
@Book{fleming:webnavigation,
  author = 	 "J. Fleming",
  title = 	 "Web Navigation",
  publisher = 	 "O'Reilly",
  year = 	 1998
}

@Book{niederst:webdesign,
  author = 	 "J. Niederst",
  title = 	 "Web Design in a Nutshell",
  publisher = 	 "O'Reilly",
  year = 	 1999
}

		  
@TechReport{css1,
  author = 	 "H. Wium Lie and B. Bos",
  title = 	 "Cascading Style Sheets, level 1",
  institution =  "W3C",
  year = 	 1997,
  note =	 "http://www.w3.org/TR/REC-CSS1"
}

@TechReport{html4,
  author = 	 "D. Raggett and A. Le Hors and I. Jacobs",
  title = 	 "HTML 4.0",
  institution =  "W3C",
  year = 	 1997,
  note =	 "http://www.w3.org/TR/REC-html40"
}

@TechReport{html4dtd,
  author = 	 "D. Raggett and A. Le Hors and I. Jacobs",
  title = 	 "HTML 4.0 strict DTD",
  institution =  "W3C",
  year = 	 1997,
  note =	 "http://www.w3.org/TR/REC-html40/strict.dtd"
}


@Manual{galactus:style,
  author =	 "A. Engelfriet",
  title =	 "Style guide for online hypertext",
  note =	 "http://www.htmlhelp.org/design/style",
  year =	 1997,
  organization = "Web Design Group"
}


@Manual{htmlhelp4,
  author =	 "L. Quinn",
  title =	 "HTML 4.0 Reference",
  note =	 "http://www.htmlhelp.org/reference/html40",
  year =	 1998,
  organization = "Web Design Group"
}

@Manual{htmlhelpcss,
  title = 	 "Cascading Style Sheets",
  author =	 "J. Pozadzides and L. Quinn",
  organization = "Web Design Group",
  note =	 "http://www.htmlhelp.org/reference/css"
}


		  
