<!DOCTYPE HTML PUBLIC "-//W3C//DTD HTML 4.0//EN"
   "http://www.w3.org/TR/REC-html40/strict.dtd">
<html>
  <head>
    <link href="../../screen.css" rel="StyleSheet" title="deal.II Homepage" media="screen">
    <link href="../../print.css" rel="StyleSheet" title="deal.II Homepage" media="print">
  <body>
  <pre>

@PhdThesis{Ban02,
  author = 	 {Wolfgang Bangerth},
  title = 	 {Adaptive Finite Element Methods for the Identification 
                  of Distributed Coefficient in Partial Differential
                  Equations},
  school = 	 {University of Heidelberg},
  year = 	 2002
}



</pre></body></html>
