<!DOCTYPE HTML PUBLIC "-//W3C//DTD HTML 4.0//EN"
   "http://www.w3.org/TR/REC-html40/strict.dtd">
<html>
  <head>
    <link href="../../screen.css" rel="StyleSheet" title="deal.II Homepage" media="screen">
    <link href="../../print.css" rel="StyleSheet" title="deal.II Homepage" media="print">
  <body>
  <pre>


@Article{HH02b,
  author = 	 {Ralf Hartmann and Paul Houston},
  title = 	 {Adaptive Discontinuous {G}alerkin Finite Element Methods
                  for the Compressible {E}uler Equations},
  journal = 	 {J. Comp. Phys.},
  year = 	 2002,
  volume =	 183,
  number =	 2,
  pages =	 {508--531}
}

</pre></body></html>
