<!DOCTYPE HTML PUBLIC "-//W3C//DTD HTML 4.0//EN"
   "http://www.w3.org/TR/REC-html40/strict.dtd">
<html>
  <head>
    <link href="../../screen.css" rel="StyleSheet" title="deal.II Homepage" media="screen">
  <body>
  <pre>

@Article{HH02a,
  author = 	 {Ralf Hartmann and Paul Houston},
  title = 	 {Adaptive Discontinuous {G}alerkin Finite Element Methods
                  for Nonlinear Hyperbolic Conservation Laws},
  journal = 	 {SIAM J. Sci. Comp.},
  year = 	 {2002},
  volume =	 24,
  pages =	 {979--1004}
}


</pre></body></html>
