<!DOCTYPE HTML PUBLIC "-//W3C//DTD HTML 4.0//EN"
   "http://www.w3.org/TR/REC-html40/strict.dtd">
<html>
  <head>
    <link href="../../screen.css" rel="StyleSheet" title="deal.II Homepage" media="screen">
  <body>
  <pre>

@InProceedings{HH03b,
  author = 	 {Ralf Hartmann and Paul Houston},
  title = 	 {Goal-Oriented A Posteriori Error Estimation for Multiple Target Functionals},
  booktitle = 	 {Hyperbolic problems: theory, numerics, applications},
  pages =	 {579-588},
  year = 	 2003,
  editor =	 {Thomas Y. Hou and Eitan Tadmor},
  publisher =	 {Springer},
}

</pre></body></html>
