<!DOCTYPE HTML PUBLIC "-//W3C//DTD HTML 4.0//EN"
   "http://www.w3.org/TR/REC-html40/strict.dtd">
<html>
  <head>
    <link href="../../screen.css" rel="StyleSheet" title="deal.II Homepage" media="screen">
  <body>
  <pre>

@InCollection{HH04a,
  author = 	 {Ralf Hartmann and Paul Houston},
  title = 	 {Adaptive Discontinuous {G}alerkin Finite Element Methods with Interior Penalty
                  for the Compressible {N}avier-{S}tokes Equations},
  booktitle =	 {Numerical Mathemathics and Advanced Applications, ENUMATH 2003},
  editor =	 {M. Feistauer and V. Doleji and P. Knobloch and K. Najzar},
  pages =	 {410--419},
  publisher =	 {Springer},
  year =	 2004
}

</pre></body></html>
