<!DOCTYPE HTML PUBLIC "-//W3C//DTD HTML 4.0//EN"
   "http://www.w3.org/TR/REC-html40/strict.dtd">
<html>
  <head>
    <link href="../../screen.css" rel="StyleSheet" title="deal.II Homepage" media="screen">
    <link href="../../print.css" rel="StyleSheet" title="deal.II Homepage" media="print">
    <title>The deal.II Homepage</title>
    <meta name="author" content="Wolfgang Bangerth <deal@iwr.uni-heidelberg.de>">
    <meta name="keywords" content="Publications on and with deal.II"></head>
  <body>
  <pre>

@MastersThesis{Ban98,
  author = 	 {Wolfgang Bangerth},
  title = 	 {{A}daptive {F}inite-{E}lemente-{M}ethoden zur {L}{\"o}sung der
                  {W}ellengleichung mit {A}nwendung in der {P}hysik der {S}onne},
  school = 	 {Institut f{\"u}r Angewandte Mathematik, Universit{\"a}t Heidelberg},
  year = 	 1998,
  type =	 {Diplomarbeit},
  url =          {http://gaia.iwr.uni-heidelberg.de/~wolf/publications.html}
}



</pre></body></html>